@article{witten1995,
  author = {Witten, Edward},
  title = {String Theory Dynamics in Various Dimensions},
  journal = {Nuclear Physics B},
  volume = {443},
  number = {1},
  pages = {85--126},
  year = {1995},
  publisher = {Elsevier}
}

@book{rovelli2004,
  author = {Rovelli, Carlo},
  title = {Quantum Gravity},
  publisher = {Cambridge University Press},
  year = {2004}
}
